@article{dembo1982inexact,
  title={Inexact Newton methods},
  author={Dembo, Ron S. and Eisenstat, Stanley C. and Steihaug, Trond},
  journal={SIAM Journal on Numerical Analysis},
  volume={19},
  number={2},
  pages={400--408},
  year={1982},
  publisher={SIAM}
}

@article{Feydy2019Sinkhorn,
  author    = {Feydy, Jean and S{\'e}journ{\'e}, Thibault and Vialard, Fran{\c c}ois-Xavier
               and Trouv{\'e}, Alain and Peyré, Gabriel},
  title     = {Interpolating between Optimal Transport and MMD using Sinkhorn Divergences},
  journal   = {Proceedings of the 22nd International Conference on Artificial Intelligence and Statistics (AISTATS)},
  year      = {2019}
}

@misc{GeomLossDoc,
  title    = {Geometric Loss functions between sampled measures, images and volumes},
  howpublished = {\url{https://www.kernel-operations.io/geomloss/}},
  note     = {Accessed May 2025}
}

@article{hunter2004tutorial,
  title={A tutorial on MM algorithms},
  author={Hunter, David R and Lange, Kenneth},
  journal={The American Statistician},
  volume={58},
  number={1},
  pages={30--37},
  year={2004},
  publisher={Taylor \& Francis}
}

@article{razaviyayn2013unified,
  title={A unified convergence analysis of block successive minimization methods for nonsmooth optimization},
  author={Razaviyayn, Meisam and Hong, Mingyi and Luo, Zhi-Quan},
  journal={SIAM Journal on Optimization},
  volume={23},
  number={2},
  pages={1126--1153},
  year={2013},
  publisher={SIAM}
}

@article{benamou2015iterative,
  title={Iterative Bregman projections for regularized transportation problems},
  author={Benamou, Jean-David and Carlier, Guillaume and Cuturi, Marco and Nenna, Luca and Peyr{\'e}, Gabriel},
  journal={SIAM Journal on Scientific Computing},
  volume={37},
  number={2},
  pages={A1111--A1138},
  year={2015},
  publisher={SIAM}
}

@article{zou2005equation,
  title={Equation-free dynamic renormalization: Self-similarity in multidimensional particle system dynamics},
  author={Zou, Yu and Kevrekidis, Ioannis and Ghanem, Roger},
  journal={Physical Review E—Statistical, Nonlinear, and Soft Matter Physics},
  volume={72},
  number={4},
  pages={046702},
  year={2005},
  publisher={APS}
}

@article{karris2024using,
  title={Using Linearized Optimal Transport to Predict the Evolution of Stochastic Particle Systems},
  author={Karris, Nicholas and Nikitopoulos, Evangelos A. and Kevrekidis, Ioannis G. and Lee, Seungjoon and Cloninger, Alexander},
  journal={arXiv preprint arXiv:2408.01857},
  year={2024}
}

@article{fabiani2024task,
  title={Task-oriented machine learning surrogates for tipping points of agent-based models},
  author={Fabiani, Gianluca and Evangelou, Nikolaos and Cui, Tianqi and Bello-Rivas, Juan M and Martin-Linares, Cristina P and Siettos, Constantinos and Kevrekidis, Ioannis G},
  journal={Nature communications},
  volume={15},
  number={1},
  pages={4117},
  year={2024},
  publisher={Nature Publishing Group UK London}
}
